<record><leader>00000cas a22000007a 4500</leader><controlfield tag="001">20834605</controlfield><controlfield tag="008">891229c18879999mouwr ne      0    0eng d</controlfield><datafield ind1=" " ind2=" " tag="010"><subfield code="a">sn 89067560 </subfield></datafield><datafield ind1=" " ind2=" " tag="040"><subfield code="a">MQN</subfield><subfield code="b">eng</subfield><subfield code="c">MQN</subfield><subfield code="d">OCLCQ</subfield></datafield><datafield ind1=" " ind2=" " tag="042"><subfield code="a">msc</subfield></datafield><datafield ind1="0" ind2="4" tag="245"><subfield code="a">The Pleasant Hill times.</subfield></datafield><datafield ind1=" " ind2=" " tag="260"><subfield code="a">Pleasant Hill, Mo. :</subfield><subfield code="b">Roy T. Cloud</subfield></datafield><datafield ind1=" " ind2=" " tag="300"><subfield code="a">v.</subfield></datafield><datafield ind1=" " ind2=" " tag="310"><subfield code="a">Weekly</subfield></datafield><datafield ind1="1" ind2=" " tag="362"><subfield code="a">Began in 1887?</subfield></datafield><datafield ind1=" " ind2=" " tag="588"><subfield code="a">Description based on: Vol. 12, no. 27 (July 5, 1901).</subfield></datafield><datafield ind1=" " ind2=" " tag="752"><subfield code="a">United States</subfield><subfield code="b">Missouri</subfield><subfield code="c">Cass</subfield><subfield code="d">Pleasant Hill.</subfield></datafield><datafield ind1="0" ind2="5" tag="780"><subfield code="t">Cass County news (Pleasant Hill, Mo.)</subfield><subfield code="w">(DLC)sn 89067564</subfield></datafield></record>